@book{eldar2012compressed,
	title={Compressed sensing: theory and applications},
	author={Eldar, Y.C. and Kutyniok, G.},
	year={2012},
	publisher={Cambridge University Press}
}
@book{mikibook,
	title={Sparse and Redundant Representations},
	author={Michael Elad},
	year={2010},
	publisher={Springer-Verlag New York}
}


@article{bruckstein2009sparse,
	title={From sparse solutions of systems of equations to sparse modeling of signals and images},
	author={Bruckstein, A.M. and Donoho, D.L. and Elad, M.},
	journal={SIAM review},
	volume={51},
	number={1},
	pages={34--81},
	year={2009},
	publisher={SIAM}
}

@article{tibshirani1996regression,
	title={Regression shrinkage and selection via the lasso},
	author={Tibshirani, R.},
	journal={Journal of the Royal Statistical Society. Series B (Methodological)},
	pages={267--288},
	year={1996},
	publisher={JSTOR}
}

@article{basis,
	title={Atomic decomposition by basis pursuit},
	author={Chen, S.S. and Donoho, D.L. and Saunders, M.A.},
	journal={SIAM review},
	volume={43},
	number={1},
	pages={129--159},
	year={2001},
	publisher={SIAM}
}
@article{efron2004least,
	title={Least angle regression},
	author={Efron, Bradley and Hastie, Trevor and Johnstone, Iain and Tibshirani, Robert and others},
	journal={The Annals of statistics},
	volume={32},
	number={2},
	pages={407--499},
	year={2004},
	publisher={Institute of Mathematical Statistics}
}
@article{beck2009fast,
	title={A fast iterative shrinkage-thresholding algorithm for linear inverse problems},
	author={Beck, Amir and Teboulle, Marc},
	journal={SIAM journal on imaging sciences},
	volume={2},
	number={1},
	pages={183--202},
	year={2009},
	publisher={SIAM}
}
@article{giryes2011projected,
	title={The projected GSURE for automatic parameter tuning in iterative shrinkage methods},
	author={Giryes, Raja and Elad, Michael and Eldar, Yonina C},
	journal={Applied and Computational Harmonic Analysis},
	volume={30},
	number={3},
	pages={407--422},
	year={2011},
	publisher={Elsevier}
}